@article{Haxby2012852,
title = "Multivariate pattern analysis of fMRI: The early beginnings",
journal = "NeuroImage",
volume = "62",
number = "2",
pages = "852 - 855",
year = "2012",
issn = "1053-8119",
doi = "10.1016/j.neuroimage.2012.03.016",
url = "http://www.sciencedirect.com/science/article/pii/S1053811912002893",
author = "James V. Haxby",
keywords = "fMRI",
keywords = "Multivariate pattern analysis (MVPA)",
keywords = "Vision",
keywords = "Decoding",
keywords = "Machine learning",
keywords = "Pattern classification"
}