%% This BibTeX bibliography file was created using BibDesk.
%% http://bibdesk.sourceforge.net/


%% Created for Spyros Ioakeimidis at 2012-09-14 15:01:19 +0200 


%% Saved with string encoding Unicode (UTF-8) 



@article{Friedman:1997gw,
	Author = {Friedman, Nir and Geiger, Dan and Goldszmidt, Moises},
	Date-Added = {2012-09-14 13:00:51 +0000},
	Date-Modified = {2012-09-14 13:00:51 +0000},
	Journal = {Machine Learning},
	Number = {2/3},
	Pages = {131--163},
	Title = {{Machine Learning, Volume 29, Numbers 2-3 - SpringerLink}},
	Volume = {29},
	Year = {1997}}
